@BOOK{Analysis2012,
  title={Systems Analysis and Design, 5th Edition},
  author = {Alan DENNIS and Barbara Haley WIXOM and Roberta M. ROTH},
  publisher = {John Wiley \& Sons},
  year={2012},
  isbn = {978-1-118-05762-9},
}

@MISC{simlib,
	author = {Petr PERINGER},
	title = {{SIMLIB/C++}},
	howpublished = {[online]},
	year = {Naposledy navštíveno 31. 3. 2005},
	url = {http://www.fit.vutbr.cz/~peringer/SIMLIB/},
}

@Book{cachin2014introduction,
	author = {Cachin, Christian},
	title = {Introduction to reliable and secure distributed programming},
	publisher = {Springer},
	year = {2014},
	address = {Place of publication not identified},
	isbn = {978-3642423277}
}

@MISC{ovilex_ds2016,
	author =       "{Ovilex Software}",
	title =        "{\it Driving School 2016}",
	url =          "http://www.ovilex.com/app/driving-school-2016/",
	note =         "[Online; navštíveno 11.12.2018]"
}

@Book{whitten2007systems,
	author = {Whitten, Jeffrey},
	title = {Systems analysis and design methods},
	publisher = {McGraw-Hill/Irwin},
	year = {2007},
	address = {Boston},
	isbn = {978-0073052335}
}
